%%
%% Author: Deeps
%% 22.06.2018
%%

